<?xml version="1.0" encoding="UTF-8" standalone="no"?>
<?xml-stylesheet type="text/xsl" href="/webservices/catalog/xsl/searchRetrieveResponse.xsl"?>

<searchRetrieveResponse xmlns="http://www.loc.gov/zing/srw/" xmlns:oclcterms="http://purl.org/oclc/terms/" xmlns:dc="http://purl.org/dc/elements/1.1/" xmlns:diag="http://www.loc.gov/zing/srw/diagnostic/" xmlns:xsi="http://www.w3.org/2001/XMLSchema-instance">
<version>1.1</version>
<numberOfRecords>1409867</numberOfRecords>
<records>
<record>
<recordSchema>info:srw/schema/1/marcxml</recordSchema>
<recordPacking>xml</recordPacking>
<recordData>
<record xmlns="http://www.loc.gov/MARC21/slim">
    <leader>00000cam a2200000 a 4500</leader>
    <controlfield tag="001">232977521</controlfield>
    <controlfield tag="008">100224s2009    nyu           000 0 eng d</controlfield>
    <datafield ind1=" " ind2=" " tag="010">
      <subfield code="a">  2010277229</subfield>
    </datafield>
    <datafield ind1=" " ind2=" " tag="040">
      <subfield code="a">BTCTA</subfield>
      <subfield code="c">BTCTA</subfield>
      <subfield code="d">DLC</subfield>
      <subfield code="d">BAKER</subfield>
      <subfield code="d">YDXCP</subfield>
      <subfield code="d">UPZ</subfield>
      <subfield code="d">OCP</subfield>
      <subfield code="d">ILC</subfield>
      <subfield code="d">TXA</subfield>
      <subfield code="d">CPL</subfield>
      <subfield code="d">ZAD</subfield>
      <subfield code="d">LMR</subfield>
      <subfield code="d">VP@</subfield>
      <subfield code="d">OTP</subfield>
      <subfield code="d">CQU</subfield>
      <subfield code="d">TXBXL</subfield>
      <subfield code="d">NSB</subfield>
      <subfield code="d">BDX</subfield>
    </datafield>
    <datafield ind1=" " ind2=" " tag="019">
      <subfield code="a">652661827</subfield>
    </datafield>
    <datafield ind1=" " ind2=" " tag="020">
      <subfield code="a">9780061728976</subfield>
    </datafield>
    <datafield ind1=" " ind2=" " tag="020">
      <subfield code="a">0061728977</subfield>
    </datafield>
    <datafield ind1="1" ind2=" " tag="029">
      <subfield code="a">AU@</subfield>
      <subfield code="b">000043862259</subfield>
    </datafield>
    <datafield ind1="1" ind2=" " tag="029">
      <subfield code="a">NZ1</subfield>
      <subfield code="b">12851063</subfield>
    </datafield>
    <datafield ind1="1" ind2=" " tag="029">
      <subfield code="a">NZ1</subfield>
      <subfield code="b">12905928</subfield>
    </datafield>
    <datafield ind1="1" ind2=" " tag="029">
      <subfield code="a">UNITY</subfield>
      <subfield code="b">126761310</subfield>
    </datafield>
    <datafield ind1="1" ind2=" " tag="029">
      <subfield code="a">UKBRK</subfield>
      <subfield code="b">0061917435</subfield>
    </datafield>
    <datafield ind1="1" ind2=" " tag="029">
      <subfield code="a">UKLBE</subfield>
      <subfield code="b">0061917435</subfield>
    </datafield>
    <datafield ind1="1" ind2=" " tag="029">
      <subfield code="a">LBRUT</subfield>
      <subfield code="b">0061917435</subfield>
    </datafield>
    <datafield ind1="1" ind2=" " tag="029">
      <subfield code="a">UKWFT</subfield>
      <subfield code="b">0061917435</subfield>
    </datafield>
    <datafield ind1="1" ind2=" " tag="029">
      <subfield code="a">UKNWH</subfield>
      <subfield code="b">0061917435</subfield>
    </datafield>
    <datafield ind1="1" ind2=" " tag="029">
      <subfield code="a">UKISL</subfield>
      <subfield code="b">0061917435</subfield>
    </datafield>
    <datafield ind1="1" ind2=" " tag="029">
      <subfield code="a">UKDON</subfield>
      <subfield code="b">0061917435</subfield>
    </datafield>
    <datafield ind1=" " ind2=" " tag="042">
      <subfield code="a">lccopycat</subfield>
    </datafield>
    <datafield ind1="0" ind2="0" tag="050">
      <subfield code="a">HQ801</subfield>
      <subfield code="b">.H35249 2009</subfield>
    </datafield>
    <datafield ind1="0" ind2="4" tag="082">
      <subfield code="a">306.7</subfield>
      <subfield code="2">22</subfield>
    </datafield>
    <datafield ind1="1" ind2=" " tag="100">
      <subfield code="a">Harvey, Steve,</subfield>
      <subfield code="d">1956-</subfield>
    </datafield>
    <datafield ind1="1" ind2="0" tag="245">
      <subfield code="a">Act like a lady, think like a man :</subfield>
      <subfield code="b">what men really think about love, relationships, intimacy, and commitment /</subfield>
      <subfield code="c">Steve Harvey with Denene Millner.</subfield>
    </datafield>
    <datafield ind1=" " ind2=" " tag="250">
      <subfield code="a">1st ed.</subfield>
    </datafield>
    <datafield ind1=" " ind2=" " tag="260">
      <subfield code="a">New York :</subfield>
      <subfield code="b">Amistad,</subfield>
      <subfield code="c">c2009.</subfield>
    </datafield>
    <datafield ind1=" " ind2=" " tag="300">
      <subfield code="a">viii, 232 p. ;</subfield>
      <subfield code="c">22 cm.</subfield>
    </datafield>
    <datafield ind1=" " ind2=" " tag="520">
      <subfield code="a">From the host of the popular Steve Harvey Morning Show comes a guide for all women that takes them inside the heads of men and shows how men think about love, sex, and commitment. Steve Harvey can't count the number of impressive women he has met over the years, women who can run a business, keep a household with three kids in tiptop shape, and chair a church group all at the same time. So when it comes to relationships, why can't these women figure out what makes men tick?  According to the author, it is because they are asking other women for advice when they should be going directly to the source. In this relationship guide he lets women inside the male mindset, introduces concepts such as the ninety-day rule, and reveals the five questions women should ask a potential partner to determine how serious he is. This book helps women to understand how men think when it comes to relationships, intimacy, and love.</subfield>
    </datafield>
    <datafield ind1="0" ind2=" " tag="505">
      <subfield code="a">Everything You Need to Know About Men and Relationships is Right Here. The mind-set of a man ; What drives men ; Our love isn't like your love ; The three things every man needs: support, loyalty, and the cookie ; "We need to talk", and other words that make men run for cover -- Why Men do What They Do. First things first: he wants to sleep with you ; Sports fish vs. keepers: how men distinguish between the marrying types and the playthings ; Mama's boys ; Why men cheat -- The Playbook: How to Win the Game. Men respect standards, get some ; The five questions every woman should ask before she gets in too deep ; The ninety-day rule: getting the respect you deserve ; If he's meeting the kids after you decide he's "the One," it's too late ; Strong, independent, and lonely, women ; How to get the ring ; Quick answers to the questions you've always wanted to ask.</subfield>
    </datafield>
    <datafield ind1=" " ind2="0" tag="650">
      <subfield code="a">Man-woman relationships.</subfield>
    </datafield>
    <datafield ind1=" " ind2="0" tag="650">
      <subfield code="a">Men</subfield>
      <subfield code="x">Psychology.</subfield>
    </datafield>
    <datafield ind1=" " ind2="0" tag="650">
      <subfield code="a">Mate selection.</subfield>
    </datafield>
    <datafield ind1="1" ind2=" " tag="700">
      <subfield code="a">Millner, Denene.</subfield>
    </datafield>
    <datafield ind1="4" ind2="2" tag="856">
      <subfield code="3">Publisher description</subfield>
      <subfield code="u">http://catdir.loc.gov/catdir/enhancements/fy1006/2010277229-d.html</subfield>
    </datafield>
    <datafield ind1="4" ind2="2" tag="856">
      <subfield code="3">Contributor biographical information</subfield>
      <subfield code="u">http://catdir.loc.gov/catdir/enhancements/fy1006/2010277229-b.html</subfield>
    </datafield>
    <datafield ind1=" " ind2=" " tag="938">
      <subfield code="a">Baker and Taylor</subfield>
      <subfield code="b">BTCP</subfield>
      <subfield code="n">BK0007849875</subfield>
    </datafield>
    <datafield ind1=" " ind2=" " tag="938">
      <subfield code="a">Baker &amp; Taylor</subfield>
      <subfield code="b">BKTY</subfield>
      <subfield code="c">24.95</subfield>
      <subfield code="d">18.71</subfield>
      <subfield code="i">0061728977</subfield>
      <subfield code="n">0007849875</subfield>
      <subfield code="s">active</subfield>
    </datafield>
    <datafield ind1=" " ind2=" " tag="938">
      <subfield code="a">YBP Library Services</subfield>
      <subfield code="b">YANK</subfield>
      <subfield code="n">2930816</subfield>
    </datafield>
    <datafield ind1=" " ind2=" " tag="938">
      <subfield code="a">Brodart</subfield>
      <subfield code="b">BROD</subfield>
      <subfield code="n">09128158</subfield>
      <subfield code="c">$23.99</subfield>
    </datafield>
  </record>
</recordData>
</record>