
<record>
<recordSchema>info:srw/schema/1/marcxml</recordSchema>
<recordPacking>xml</recordPacking>
<recordData>
<record xmlns="http://www.loc.gov/MARC21/slim">
    <leader>00000cam a2200000Ia 4500</leader>
    <controlfield tag="001">15041519</controlfield>
    <controlfield tag="008">870107s1986    onca   j      000 1 eng d</controlfield>
    <datafield ind1=" " ind2=" " tag="040">
      <subfield code="a">OKS</subfield>
      <subfield code="c">OKS</subfield>
      <subfield code="d">WAU</subfield>
      <subfield code="d">TCA</subfield>
      <subfield code="d">OCL</subfield>
      <subfield code="d">BAKER</subfield>
      <subfield code="d">YDXCP</subfield>
      <subfield code="d">NZAYP</subfield>
      <subfield code="d">OCLCG</subfield>
      <subfield code="d">H4N</subfield>
      <subfield code="d">COF</subfield>
      <subfield code="d">AU@</subfield>
      <subfield code="d">CKL</subfield>
      <subfield code="d">EHH</subfield>
      <subfield code="d">HIR</subfield>
      <subfield code="d">BDX</subfield>
    </datafield>
    <datafield ind1=" " ind2=" " tag="019">
      <subfield code="a">34271348</subfield>
    </datafield>
    <datafield ind1=" " ind2=" " tag="020">
      <subfield code="a">0920668364</subfield>
    </datafield>
    <datafield ind1=" " ind2=" " tag="020">
      <subfield code="a">9780920668368</subfield>
    </datafield>
    <datafield ind1=" " ind2=" " tag="020">
      <subfield code="a">0920668372</subfield>
    </datafield>
    <datafield ind1=" " ind2=" " tag="020">
      <subfield code="a">9780920668375</subfield>
    </datafield>
    <datafield ind1="1" ind2=" " tag="029">
      <subfield code="a">YDXCP</subfield>
      <subfield code="b">1083535</subfield>
    </datafield>
    <datafield ind1="1" ind2=" " tag="029">
      <subfield code="a">NZ1</subfield>
      <subfield code="b">4226799</subfield>
    </datafield>
    <datafield ind1="1" ind2=" " tag="029">
      <subfield code="a">AU@</subfield>
      <subfield code="b">000004880607</subfield>
    </datafield>
    <datafield ind1="1" ind2=" " tag="029">
      <subfield code="a">AU@</subfield>
      <subfield code="b">000043402099</subfield>
    </datafield>
    <datafield ind1=" " ind2="4" tag="050">
      <subfield code="a">PZ7.M927</subfield>
      <subfield code="b">Lo 1986</subfield>
    </datafield>
    <datafield ind1="0" ind2="4" tag="082">
      <subfield code="a">jC813/.54</subfield>
      <subfield code="2">19</subfield>
    </datafield>
    <datafield ind1="1" ind2=" " tag="100">
      <subfield code="a">Munsch, Robert N.,</subfield>
      <subfield code="d">1945-</subfield>
    </datafield>
    <datafield ind1="1" ind2="0" tag="245">
      <subfield code="a">Love you forever /</subfield>
      <subfield code="c">written by Robert Munsch ; illustrated by Sheila McGraw.</subfield>
    </datafield>
    <datafield ind1=" " ind2=" " tag="260">
      <subfield code="a">Scarborough, Ont. :</subfield>
      <subfield code="b">Firefly Books,</subfield>
      <subfield code="c">c1986.</subfield>
    </datafield>
    <datafield ind1=" " ind2=" " tag="300">
      <subfield code="a">[28] p. :</subfield>
      <subfield code="b">col. ill. ;</subfield>
      <subfield code="c">21 cm.</subfield>
    </datafield>
    <datafield ind1=" " ind2=" " tag="520">
      <subfield code="a">A boy grows into adulthood with the support of his mother's love.</subfield>
    </datafield>
    <datafield ind1=" " ind2="1" tag="650">
      <subfield code="a">Parent and child</subfield>
      <subfield code="v">Fiction.</subfield>
    </datafield>
    <datafield ind1=" " ind2="0" tag="650">
      <subfield code="a">Parent and child</subfield>
      <subfield code="v">Juvenile fiction.</subfield>
    </datafield>
    <datafield ind1=" " ind2="0" tag="650">
      <subfield code="a">Picture books for children.</subfield>
    </datafield>
    <datafield ind1=" " ind2="0" tag="650">
      <subfield code="a">Children's stories.</subfield>
    </datafield>
    <datafield ind1="1" ind2=" " tag="700">
      <subfield code="a">McGraw, Sheila,</subfield>
      <subfield code="e">ill.</subfield>
    </datafield>
    <datafield ind1=" " ind2=" " tag="938">
      <subfield code="a">Baker &amp; Taylor</subfield>
      <subfield code="b">BKTY</subfield>
      <subfield code="c">14.95</subfield>
      <subfield code="d">14.95</subfield>
      <subfield code="i">0920668364</subfield>
      <subfield code="n">0001129513</subfield>
      <subfield code="s">active</subfield>
    </datafield>
    <datafield ind1=" " ind2=" " tag="938">
      <subfield code="a">YBP Library Services</subfield>
      <subfield code="b">YANK</subfield>
      <subfield code="n">1083535</subfield>
    </datafield>
    <datafield ind1=" " ind2=" " tag="938">
      <subfield code="a">Baker &amp; Taylor</subfield>
      <subfield code="b">BKTY</subfield>
      <subfield code="c">5.95</subfield>
      <subfield code="d">4.46</subfield>
      <subfield code="i">0920668372</subfield>
      <subfield code="n">0001129514</subfield>
      <subfield code="s">active</subfield>
    </datafield>
    <datafield ind1=" " ind2=" " tag="938">
      <subfield code="a">Brodart</subfield>
      <subfield code="b">BROD</subfield>
      <subfield code="n">37323598</subfield>
      <subfield code="c">$14.95</subfield>
    </datafield>
  </record>
</recordData>
</record>