
<record>
<recordSchema>info:srw/schema/1/marcxml</recordSchema>
<recordPacking>xml</recordPacking>
<recordData>
<record xmlns="http://www.loc.gov/MARC21/slim">
    <leader>00000cam a2200000 a 4500</leader>
    <controlfield tag="001">17385275</controlfield>
    <controlfield tag="008">880105s1988    nyu    j      000 1 eng  </controlfield>
    <datafield ind1=" " ind2=" " tag="010">
      <subfield code="a">   87040484 </subfield>
    </datafield>
    <datafield ind1=" " ind2=" " tag="040">
      <subfield code="a">DLC</subfield>
      <subfield code="b">eng</subfield>
      <subfield code="c">DLC</subfield>
      <subfield code="d">BAKER</subfield>
      <subfield code="d">BTCTA</subfield>
      <subfield code="d">YDXCP</subfield>
      <subfield code="d">OCLCG</subfield>
      <subfield code="d">XY4</subfield>
      <subfield code="d">CBC</subfield>
      <subfield code="d">UZV</subfield>
      <subfield code="d">OCLCQ</subfield>
      <subfield code="d">TNF</subfield>
      <subfield code="d">BDX</subfield>
    </datafield>
    <datafield ind1=" " ind2=" " tag="019">
      <subfield code="a">18721256</subfield>
      <subfield code="a">19334880</subfield>
    </datafield>
    <datafield ind1=" " ind2=" " tag="020">
      <subfield code="a">0394561619</subfield>
    </datafield>
    <datafield ind1=" " ind2=" " tag="020">
      <subfield code="a">9780394561615</subfield>
    </datafield>
    <datafield ind1=" " ind2=" " tag="020">
      <subfield code="a">0394571088 (lim. ed.)</subfield>
    </datafield>
    <datafield ind1=" " ind2=" " tag="020">
      <subfield code="a">9780394571089 (lim. ed.)</subfield>
    </datafield>
    <datafield ind1="1" ind2=" " tag="029">
      <subfield code="a">YDXCP</subfield>
      <subfield code="b">341243</subfield>
    </datafield>
    <datafield ind1="1" ind2=" " tag="029">
      <subfield code="a">NZ1</subfield>
      <subfield code="b">5004875</subfield>
    </datafield>
    <datafield ind1="1" ind2=" " tag="029">
      <subfield code="a">AU@</subfield>
      <subfield code="b">000005686732</subfield>
    </datafield>
    <datafield ind1="1" ind2=" " tag="029">
      <subfield code="a">ZWZ</subfield>
      <subfield code="b">046093249</subfield>
    </datafield>
    <datafield ind1="1" ind2=" " tag="041">
      <subfield code="a">eng</subfield>
      <subfield code="h">spa</subfield>
    </datafield>
    <datafield ind1=" " ind2=" " tag="043">
      <subfield code="a">s-ck---</subfield>
    </datafield>
    <datafield ind1="0" ind2="0" tag="050">
      <subfield code="a">PQ8180.17.A73</subfield>
      <subfield code="b">A813 1988</subfield>
    </datafield>
    <datafield ind1="0" ind2="0" tag="082">
      <subfield code="a">863</subfield>
      <subfield code="2">19</subfield>
    </datafield>
    <datafield ind1="1" ind2=" " tag="100">
      <subfield code="a">Garci´a Ma´rquez, Gabriel,</subfield>
      <subfield code="d">1928-</subfield>
    </datafield>
    <datafield ind1="1" ind2="0" tag="240">
      <subfield code="a">Amor en los tiempos del co´lera.</subfield>
      <subfield code="l">English</subfield>
    </datafield>
    <datafield ind1="1" ind2="0" tag="245">
      <subfield code="a">Love in the time of cholera /</subfield>
      <subfield code="c">Gabriel Garci´a Ma´rquez ; translated from the Spanish by Edith Grossman.</subfield>
    </datafield>
    <datafield ind1=" " ind2=" " tag="250">
      <subfield code="a">1st American ed.</subfield>
    </datafield>
    <datafield ind1=" " ind2=" " tag="260">
      <subfield code="a">New York :</subfield>
      <subfield code="b">Alfred A. Knopf,</subfield>
      <subfield code="c">1988.</subfield>
    </datafield>
    <datafield ind1=" " ind2=" " tag="300">
      <subfield code="a">348 p. ;</subfield>
      <subfield code="c">25 cm.</subfield>
    </datafield>
    <datafield ind1=" " ind2=" " tag="500">
      <subfield code="a">Translation of: El amor en los tiempos del co´lera.</subfield>
    </datafield>
    <datafield ind1=" " ind2=" " tag="520">
      <subfield code="a">Set on the Caribbean coast of South America, this love story brings together Fermina Daza, her distinguished husband, and a man who has secretly loved her for more than fifty years.</subfield>
    </datafield>
    <datafield ind1=" " ind2="0" tag="651">
      <subfield code="a">Colombia</subfield>
      <subfield code="v">Fiction.</subfield>
    </datafield>
    <datafield ind1=" " ind2="0" tag="650">
      <subfield code="a">Courtship</subfield>
      <subfield code="z">Colombia</subfield>
      <subfield code="v">Fiction.</subfield>
    </datafield>
    <datafield ind1=" " ind2="1" tag="650">
      <subfield code="a">Movie novels.</subfield>
    </datafield>
    <datafield ind1=" " ind2="1" tag="650">
      <subfield code="a">Courtship</subfield>
      <subfield code="v">Fiction.</subfield>
    </datafield>
    <datafield ind1=" " ind2="1" tag="650">
      <subfield code="a">Spanish fiction</subfield>
      <subfield code="y">20th century</subfield>
      <subfield code="v">Translations into English.</subfield>
    </datafield>
    <datafield ind1=" " ind2="1" tag="650">
      <subfield code="a">Colombian fiction</subfield>
      <subfield code="y">20th century.</subfield>
    </datafield>
    <datafield ind1=" " ind2="0" tag="655">
      <subfield code="a">Film novelizations.</subfield>
    </datafield>
    <datafield ind1=" " ind2="0" tag="655">
      <subfield code="a">Love stories.</subfield>
    </datafield>
    <datafield ind1=" " ind2="7" tag="655">
      <subfield code="a">Love stories.</subfield>
      <subfield code="2">gsafd</subfield>
    </datafield>
    <datafield ind1=" " ind2="0" tag="650">
      <subfield code="a">Love stories.</subfield>
      <subfield code="2">gsafd</subfield>
    </datafield>
    <datafield ind1="1" ind2=" " tag="700">
      <subfield code="a">Grossman, Edith,</subfield>
      <subfield code="d">1936-</subfield>
    </datafield>
    <datafield ind1="0" ind2="8" tag="776">
      <subfield code="i">Online version:</subfield>
      <subfield code="a">Garci´a Ma´rquez, Gabriel, 1928-</subfield>
      <subfield code="s">Amor en los tiempos del co´lera. English.</subfield>
      <subfield code="t">Love in the time of cholera.</subfield>
      <subfield code="b">1st American ed.</subfield>
      <subfield code="d">New York : Alfred A. Knopf, 1988</subfield>
      <subfield code="w">(OCoLC)571208115</subfield>
    </datafield>
    <datafield ind1="4" ind2="1" tag="856">
      <subfield code="3">Sample text</subfield>
      <subfield code="u">http://catdir.loc.gov/catdir/enhancements/fy0703/87040484-s.html</subfield>
    </datafield>
    <datafield ind1="4" ind2="2" tag="856">
      <subfield code="3">Contributor biographical information</subfield>
      <subfield code="u">http://catdir.loc.gov/catdir/bios/random056/87040484.html</subfield>
    </datafield>
    <datafield ind1="4" ind2="2" tag="856">
      <subfield code="3">Publisher description</subfield>
      <subfield code="u">http://catdir.loc.gov/catdir/description/random045/87040484.html</subfield>
    </datafield>
    <datafield ind1=" " ind2=" " tag="938">
      <subfield code="a">YBP Library Services</subfield>
      <subfield code="b">YANK</subfield>
      <subfield code="n">341243</subfield>
    </datafield>
    <datafield ind1=" " ind2=" " tag="938">
      <subfield code="a">Baker &amp; Taylor</subfield>
      <subfield code="b">BKTY</subfield>
      <subfield code="c">25.95</subfield>
      <subfield code="d">19.46</subfield>
      <subfield code="i">0394561619</subfield>
      <subfield code="n">0001275390</subfield>
      <subfield code="s">active</subfield>
    </datafield>
    <datafield ind1=" " ind2=" " tag="938">
      <subfield code="a">Baker &amp; Taylor</subfield>
      <subfield code="b">BKTY</subfield>
      <subfield code="c">150.00</subfield>
      <subfield code="d">135.00</subfield>
      <subfield code="i">0394571088</subfield>
      <subfield code="n">0007478919</subfield>
      <subfield code="s">active</subfield>
    </datafield>
    <datafield ind1=" " ind2=" " tag="938">
      <subfield code="a">Baker and Taylor</subfield>
      <subfield code="b">BTCP</subfield>
      <subfield code="n">BK0007478919</subfield>
    </datafield>
    <datafield ind1=" " ind2=" " tag="938">
      <subfield code="a">Brodart</subfield>
      <subfield code="b">BROD</subfield>
      <subfield code="n">57506582</subfield>
      <subfield code="c">$25.95</subfield>
    </datafield>
  </record>
</recordData>
</record>