
<record>
<recordSchema>info:srw/schema/1/marcxml</recordSchema>
<recordPacking>xml</recordPacking>
<recordData>
<record xmlns="http://www.loc.gov/MARC21/slim">
    <leader>00000cam a2200000 a 4500</leader>
    <controlfield tag="001">52039575</controlfield>
    <controlfield tag="008">030507s2003    nyu           000 1 eng  </controlfield>
    <datafield ind1=" " ind2=" " tag="010">
      <subfield code="a">  2003052737</subfield>
    </datafield>
    <datafield ind1=" " ind2=" " tag="040">
      <subfield code="a">DLC</subfield>
      <subfield code="b">eng</subfield>
      <subfield code="c">DLC</subfield>
      <subfield code="d">NLC</subfield>
      <subfield code="d">OCL</subfield>
      <subfield code="d">BAKER</subfield>
      <subfield code="d">BTCTA</subfield>
      <subfield code="d">YDXCP</subfield>
      <subfield code="d">OTP</subfield>
      <subfield code="d">UZV</subfield>
      <subfield code="d">BNO</subfield>
      <subfield code="d">O2H</subfield>
      <subfield code="d">TUU</subfield>
      <subfield code="d">OCLCQ</subfield>
      <subfield code="d">BDX</subfield>
      <subfield code="d">MNE</subfield>
      <subfield code="d">UMR</subfield>
    </datafield>
    <datafield ind1=" " ind2=" " tag="016">
      <subfield code="a">20039020908</subfield>
    </datafield>
    <datafield ind1=" " ind2=" " tag="019">
      <subfield code="a">52269898</subfield>
      <subfield code="a">55676384</subfield>
      <subfield code="a">492578233</subfield>
    </datafield>
    <datafield ind1=" " ind2=" " tag="020">
      <subfield code="a">0375409440 (alk. paper)</subfield>
    </datafield>
    <datafield ind1=" " ind2=" " tag="020">
      <subfield code="a">9780375409448 (alk. paper)</subfield>
    </datafield>
    <datafield ind1=" " ind2=" " tag="020">
      <subfield code="a">0676976182</subfield>
    </datafield>
    <datafield ind1=" " ind2=" " tag="020">
      <subfield code="a">9780676976182</subfield>
    </datafield>
    <datafield ind1="1" ind2=" " tag="029">
      <subfield code="a">NLC</subfield>
      <subfield code="b">20039020908</subfield>
    </datafield>
    <datafield ind1="1" ind2=" " tag="029">
      <subfield code="a">NLGGC</subfield>
      <subfield code="b">256316910</subfield>
    </datafield>
    <datafield ind1="1" ind2=" " tag="029">
      <subfield code="a">NZ1</subfield>
      <subfield code="b">7705066</subfield>
    </datafield>
    <datafield ind1="1" ind2=" " tag="029">
      <subfield code="a">AU@</subfield>
      <subfield code="b">000024658723</subfield>
    </datafield>
    <datafield ind1="1" ind2=" " tag="029">
      <subfield code="a">AU@</subfield>
      <subfield code="b">000026329879</subfield>
    </datafield>
    <datafield ind1="1" ind2=" " tag="029">
      <subfield code="a">ZWZ</subfield>
      <subfield code="b">075936755</subfield>
    </datafield>
    <datafield ind1="1" ind2=" " tag="029">
      <subfield code="a">GEBAY</subfield>
      <subfield code="b">7273212</subfield>
    </datafield>
    <datafield ind1=" " ind2=" " tag="043">
      <subfield code="a">n-us---</subfield>
    </datafield>
    <datafield ind1="0" ind2="0" tag="050">
      <subfield code="a">PS3563.O8749</subfield>
      <subfield code="b">L68 2003</subfield>
    </datafield>
    <datafield ind1="0" ind2="2" tag="055">
      <subfield code="a">PS3563*</subfield>
    </datafield>
    <datafield ind1="0" ind2="0" tag="082">
      <subfield code="a">813/.54</subfield>
      <subfield code="2">21</subfield>
    </datafield>
    <datafield ind1="1" ind2="4" tag="082">
      <subfield code="a">FIC</subfield>
    </datafield>
    <datafield ind1="1" ind2=" " tag="100">
      <subfield code="a">Morrison, Toni.</subfield>
    </datafield>
    <datafield ind1="1" ind2="0" tag="245">
      <subfield code="a">Love /</subfield>
      <subfield code="c">Toni Morrison.</subfield>
    </datafield>
    <datafield ind1=" " ind2=" " tag="250">
      <subfield code="a">1st ed.</subfield>
    </datafield>
    <datafield ind1=" " ind2=" " tag="260">
      <subfield code="a">New York :</subfield>
      <subfield code="b">Knopf :</subfield>
      <subfield code="b">Distributed by Random House,</subfield>
      <subfield code="c">c2003.</subfield>
    </datafield>
    <datafield ind1=" " ind2=" " tag="300">
      <subfield code="a">201 p. ;</subfield>
      <subfield code="c">25 cm.</subfield>
    </datafield>
    <datafield ind1=" " ind2=" " tag="520">
      <subfield code="a">The epitome of a group of women's ideals about love, fatherhood, and friendship, wealthy hotel owner Bill Cosey finds his life compromised by his troubled past and his feelings about a spellbinding woman named Celestial.</subfield>
    </datafield>
    <datafield ind1=" " ind2="0" tag="650">
      <subfield code="a">African American women</subfield>
      <subfield code="v">Fiction.</subfield>
    </datafield>
    <datafield ind1=" " ind2="0" tag="650">
      <subfield code="a">Seaside resorts</subfield>
      <subfield code="v">Fiction.</subfield>
    </datafield>
    <datafield ind1=" " ind2="0" tag="650">
      <subfield code="a">Hotelkeepers</subfield>
      <subfield code="v">Fiction.</subfield>
    </datafield>
    <datafield ind1=" " ind2="0" tag="650">
      <subfield code="a">Rich people</subfield>
      <subfield code="v">Fiction.</subfield>
    </datafield>
    <datafield ind1=" " ind2="0" tag="650">
      <subfield code="a">Death</subfield>
      <subfield code="v">Fiction.</subfield>
    </datafield>
    <datafield ind1=" " ind2="0" tag="650">
      <subfield code="a">Psychological fiction.</subfield>
    </datafield>
    <datafield ind1=" " ind2="0" tag="655">
      <subfield code="a">Psychological fiction.</subfield>
    </datafield>
    <datafield ind1=" " ind2="7" tag="655">
      <subfield code="a">Love stories.</subfield>
      <subfield code="2">gsafd</subfield>
    </datafield>
    <datafield ind1=" " ind2="0" tag="650">
      <subfield code="a">Love stories.</subfield>
      <subfield code="2">gsafd</subfield>
    </datafield>
    <datafield ind1="4" ind2="1" tag="856">
      <subfield code="3">Sample text</subfield>
      <subfield code="u">http://catdir.loc.gov/catdir/samples/random045/2003052737.html</subfield>
    </datafield>
    <datafield ind1="4" ind2="2" tag="856">
      <subfield code="3">Contributor biographical information</subfield>
      <subfield code="u">http://catdir.loc.gov/catdir/bios/random055/2003052737.html</subfield>
    </datafield>
    <datafield ind1="4" ind2="2" tag="856">
      <subfield code="3">Publisher description</subfield>
      <subfield code="u">http://catdir.loc.gov/catdir/description/random0414/2003052737.html</subfield>
    </datafield>
    <datafield ind1=" " ind2=" " tag="938">
      <subfield code="a">Baker &amp; Taylor</subfield>
      <subfield code="b">BKTY</subfield>
      <subfield code="c">23.95</subfield>
      <subfield code="d">17.96</subfield>
      <subfield code="i">0375409440</subfield>
      <subfield code="n">0004178546</subfield>
      <subfield code="s">active</subfield>
    </datafield>
    <datafield ind1=" " ind2=" " tag="938">
      <subfield code="a">Baker and Taylor</subfield>
      <subfield code="b">BTCP</subfield>
      <subfield code="n">2003052737</subfield>
    </datafield>
    <datafield ind1=" " ind2=" " tag="938">
      <subfield code="a">Brodart</subfield>
      <subfield code="b">BROD</subfield>
      <subfield code="n">00515426</subfield>
      <subfield code="c">$23.95</subfield>
    </datafield>
    <datafield ind1=" " ind2=" " tag="938">
      <subfield code="a">YBP Library Services</subfield>
      <subfield code="b">YANK</subfield>
      <subfield code="n">8129189</subfield>
    </datafield>
  </record>
</recordData>
</record>