
<record>
<recordSchema>info:srw/schema/1/marcxml</recordSchema>
<recordPacking>xml</recordPacking>
<recordData>
<record xmlns="http://www.loc.gov/MARC21/slim">
    <leader>00000cam a22000004a 4500</leader>
    <controlfield tag="001">58431841</controlfield>
    <controlfield tag="008">050208s2005    nyua          000 0deng  </controlfield>
    <datafield ind1=" " ind2=" " tag="010">
      <subfield code="a">  2005040010</subfield>
    </datafield>
    <datafield ind1=" " ind2=" " tag="040">
      <subfield code="a">DLC</subfield>
      <subfield code="c">DLC</subfield>
      <subfield code="d">BAKER</subfield>
      <subfield code="d">ILC</subfield>
      <subfield code="d">WIQ</subfield>
      <subfield code="d">C#P</subfield>
      <subfield code="d">BUR</subfield>
      <subfield code="d">VP@</subfield>
      <subfield code="d">RMC</subfield>
      <subfield code="d">YBM</subfield>
      <subfield code="d">LMR</subfield>
      <subfield code="d">PGC</subfield>
      <subfield code="d">BTCTA</subfield>
      <subfield code="d">YDXCP</subfield>
      <subfield code="d">SMP</subfield>
      <subfield code="d">CNNWL</subfield>
      <subfield code="d">IG#</subfield>
      <subfield code="d">CQU</subfield>
      <subfield code="d">TEX</subfield>
      <subfield code="d">KAAUA</subfield>
      <subfield code="d">VRC</subfield>
      <subfield code="d">BDX</subfield>
    </datafield>
    <datafield ind1=" " ind2=" " tag="019">
      <subfield code="a">769265256</subfield>
      <subfield code="a">775074340</subfield>
    </datafield>
    <datafield ind1=" " ind2=" " tag="020">
      <subfield code="a">0060817089</subfield>
    </datafield>
    <datafield ind1=" " ind2=" " tag="020">
      <subfield code="a">9780060817084</subfield>
    </datafield>
    <datafield ind1="1" ind2=" " tag="029">
      <subfield code="a">YDXCP</subfield>
      <subfield code="b">2205510</subfield>
    </datafield>
    <datafield ind1="1" ind2=" " tag="029">
      <subfield code="a">NZ1</subfield>
      <subfield code="b">9209901</subfield>
    </datafield>
    <datafield ind1="1" ind2=" " tag="029">
      <subfield code="a">AU@</subfield>
      <subfield code="b">000040060521</subfield>
    </datafield>
    <datafield ind1="1" ind2=" " tag="029">
      <subfield code="a">IG#</subfield>
      <subfield code="b">9780060817084</subfield>
    </datafield>
    <datafield ind1=" " ind2=" " tag="042">
      <subfield code="a">pcc</subfield>
    </datafield>
    <datafield ind1=" " ind2=" " tag="043">
      <subfield code="a">n-us-fl</subfield>
    </datafield>
    <datafield ind1="0" ind2="0" tag="050">
      <subfield code="a">SF429.L3</subfield>
      <subfield code="b">G76 2005</subfield>
    </datafield>
    <datafield ind1="0" ind2="0" tag="082">
      <subfield code="a">636.752/7/092</subfield>
      <subfield code="2">22</subfield>
    </datafield>
    <datafield ind1="1" ind2="4" tag="082">
      <subfield code="a">B</subfield>
      <subfield code="2">22</subfield>
    </datafield>
    <datafield ind1="1" ind2=" " tag="100">
      <subfield code="a">Grogan, John,</subfield>
      <subfield code="d">1957-</subfield>
    </datafield>
    <datafield ind1="1" ind2="0" tag="245">
      <subfield code="a">Marley &amp; me :</subfield>
      <subfield code="b">life and love with the world's worst dog /</subfield>
      <subfield code="c">John Grogan.</subfield>
    </datafield>
    <datafield ind1="3" ind2=" " tag="246">
      <subfield code="a">Marley and me</subfield>
    </datafield>
    <datafield ind1=" " ind2=" " tag="250">
      <subfield code="a">1st ed.</subfield>
    </datafield>
    <datafield ind1=" " ind2=" " tag="260">
      <subfield code="a">New York :</subfield>
      <subfield code="b">Morrow,</subfield>
      <subfield code="c">c2005.</subfield>
    </datafield>
    <datafield ind1=" " ind2=" " tag="300">
      <subfield code="a">xi, 291 p. :</subfield>
      <subfield code="b">ill. ;</subfield>
      <subfield code="c">22 cm.</subfield>
    </datafield>
    <datafield ind1="0" ind2=" " tag="505">
      <subfield code="a">And puppy makes three -- Running with the blue bloods -- Homeward bound -- Mr. Wiggles -- The test strip -- Matters of the heart -- Master and beast -- A battle of wills -- The stuff males are made of -- The luck of the Irish -- The things he ate -- Welcome to the indigent ward -- A scream in the night -- An early arrival -- A postpartum ultimatum -- The audition -- In the land of Bocahontas -- Alfresco dining -- Lightning strikes -- Dog beach -- A northbound plane -- In the land of pencils -- Poultry on parade -- The potty room -- Beating the odds -- Borrowed time -- The big meadow -- Beneath the cherry trees -- The bad dog club.</subfield>
    </datafield>
    <datafield ind1=" " ind2=" " tag="520">
      <subfield code="a">The story of a family in the making and the wondrously neurotic dog who taught them what really matters in life. Is it possible for humans to discover the key to happiness through a bigger-than-life, bad-boy dog? Just ask the Grogans.--From publisher description.</subfield>
    </datafield>
    <datafield ind1=" " ind2="0" tag="650">
      <subfield code="a">Labrador retriever</subfield>
      <subfield code="z">Florida</subfield>
      <subfield code="v">Biography.</subfield>
    </datafield>
    <datafield ind1="1" ind2="0" tag="600">
      <subfield code="a">Grogan, John,</subfield>
      <subfield code="d">1957-</subfield>
    </datafield>
    <datafield ind1="4" ind2="2" tag="856">
      <subfield code="3">Contributor biographical information</subfield>
      <subfield code="u">http://catdir.loc.gov/catdir/enhancements/fy0911/2005040010-b.html</subfield>
    </datafield>
    <datafield ind1="4" ind2="2" tag="856">
      <subfield code="3">Publisher description</subfield>
      <subfield code="u">http://catdir.loc.gov/catdir/enhancements/fy0911/2005040010-d.html</subfield>
    </datafield>
    <datafield ind1=" " ind2=" " tag="938">
      <subfield code="a">Baker and Taylor</subfield>
      <subfield code="b">BTCP</subfield>
      <subfield code="n">2005040010</subfield>
    </datafield>
    <datafield ind1=" " ind2=" " tag="938">
      <subfield code="a">YBP Library Services</subfield>
      <subfield code="b">YANK</subfield>
      <subfield code="n">2205510</subfield>
    </datafield>
    <datafield ind1=" " ind2=" " tag="938">
      <subfield code="a">Ingram</subfield>
      <subfield code="b">INGR</subfield>
      <subfield code="n">9780060817084</subfield>
    </datafield>
    <datafield ind1=" " ind2=" " tag="938">
      <subfield code="a">Baker &amp; Taylor</subfield>
      <subfield code="b">BKTY</subfield>
      <subfield code="c">21.95</subfield>
      <subfield code="d">16.46</subfield>
      <subfield code="i">0060817089</subfield>
      <subfield code="n">0006300419</subfield>
      <subfield code="s">active</subfield>
    </datafield>
    <datafield ind1=" " ind2=" " tag="938">
      <subfield code="a">Brodart</subfield>
      <subfield code="b">BROD</subfield>
      <subfield code="n">03285235</subfield>
      <subfield code="c">$21.95</subfield>
    </datafield>
  </record>
</recordData>
</record>