
<record>
<recordSchema>info:srw/schema/1/marcxml</recordSchema>
<recordPacking>xml</recordPacking>
<recordData>
<record xmlns="http://www.loc.gov/MARC21/slim">
    <leader>00000pam a2200000Ma 4500</leader>
    <controlfield tag="001">137301610</controlfield>
    <controlfield tag="008">950601r19951993flu           000 0aeng d</controlfield>
    <controlfield tag="009">5410</controlfield>
    <datafield ind1=" " ind2=" " tag="010">
      <subfield code="a">   95020792 </subfield>
    </datafield>
    <datafield ind1=" " ind2=" " tag="040">
      <subfield code="a">JRV</subfield>
      <subfield code="c">JRV</subfield>
      <subfield code="d">BAKER</subfield>
    </datafield>
    <datafield ind1=" " ind2=" " tag="020">
      <subfield code="a">1558743669 (pbk)</subfield>
    </datafield>
    <datafield ind1=" " ind2=" " tag="020">
      <subfield code="a">9781558743663 (pbk)</subfield>
    </datafield>
    <datafield ind1=" " ind2=" " tag="043">
      <subfield code="a">n-us-ca</subfield>
    </datafield>
    <datafield ind1="0" ind2="0" tag="050">
      <subfield code="a">HV883.C2</subfield>
      <subfield code="b">P45 1995</subfield>
    </datafield>
    <datafield ind1="0" ind2="0" tag="082">
      <subfield code="a">362.7/6/092</subfield>
      <subfield code="a">B</subfield>
      <subfield code="2">20</subfield>
    </datafield>
    <datafield ind1="1" ind2=" " tag="100">
      <subfield code="a">Pelzer, David J.</subfield>
    </datafield>
    <datafield ind1="1" ind2="2" tag="245">
      <subfield code="a">A Child called "it" :</subfield>
      <subfield code="b">a foster child's search for the love of a family. /</subfield>
      <subfield code="c">Dave Pelzer.</subfield>
    </datafield>
    <datafield ind1="3" ind2=" " tag="246">
      <subfield code="a">One child's courage to survive.</subfield>
    </datafield>
    <datafield ind1=" " ind2=" " tag="260">
      <subfield code="a">Deerfield Beach, Fla. :</subfield>
      <subfield code="b">Health Communications,</subfield>
      <subfield code="c">c1995.</subfield>
    </datafield>
    <datafield ind1=" " ind2=" " tag="300">
      <subfield code="a">xi, 184 p. ;</subfield>
      <subfield code="c">19 cm.</subfield>
    </datafield>
    <datafield ind1="1" ind2="0" tag="600">
      <subfield code="a">Pelzer, David J.</subfield>
    </datafield>
    <datafield ind1=" " ind2="0" tag="650">
      <subfield code="a">Abused children</subfield>
      <subfield code="z">California</subfield>
      <subfield code="z">Daly City</subfield>
      <subfield code="x">Biography.</subfield>
    </datafield>
    <datafield ind1=" " ind2="0" tag="650">
      <subfield code="a">Children of alcoholics</subfield>
      <subfield code="z">California</subfield>
      <subfield code="z">Daly City</subfield>
      <subfield code="x">Biography.</subfield>
    </datafield>
    <datafield ind1=" " ind2="0" tag="650">
      <subfield code="a">Abusive mothers</subfield>
      <subfield code="z">California</subfield>
      <subfield code="z">Daly City</subfield>
      <subfield code="x">Family relationships.</subfield>
    </datafield>
    <datafield ind1=" " ind2="0" tag="650">
      <subfield code="a">Family violence</subfield>
      <subfield code="z">California</subfield>
      <subfield code="z">Daly City.</subfield>
    </datafield>
    <datafield ind1=" " ind2="0" tag="650">
      <subfield code="a">Foster home care</subfield>
      <subfield code="z">California.</subfield>
    </datafield>
    <datafield ind1=" " ind2=" " tag="938">
      <subfield code="a">Baker &amp; Taylor</subfield>
      <subfield code="b">BKTY</subfield>
      <subfield code="c">11.95</subfield>
      <subfield code="d">8.96</subfield>
      <subfield code="i">1558743669</subfield>
      <subfield code="n">0002696333</subfield>
      <subfield code="s">active</subfield>
    </datafield>
  </record>
</recordData>
</record>