
<record>
<recordSchema>info:srw/schema/1/marcxml</recordSchema>
<recordPacking>xml</recordPacking>
<recordData>
<record xmlns="http://www.loc.gov/MARC21/slim">
    <leader>00000cam a2200000Ia 4500</leader>
    <controlfield tag="001">45301854</controlfield>
    <controlfield tag="008">001108t20001999nyua     b    001 0 eng d</controlfield>
    <datafield ind1=" " ind2=" " tag="040">
      <subfield code="a">ORX</subfield>
      <subfield code="c">ORX</subfield>
      <subfield code="d">CUM</subfield>
      <subfield code="d">LVB</subfield>
      <subfield code="d">NGU</subfield>
      <subfield code="d">NLGGC</subfield>
      <subfield code="d">BAKER</subfield>
      <subfield code="d">BTCTA</subfield>
      <subfield code="d">YDXCP</subfield>
      <subfield code="d">DRB</subfield>
      <subfield code="d">ITJCU</subfield>
      <subfield code="d">AUW</subfield>
      <subfield code="d">MOF</subfield>
      <subfield code="d">CCE</subfield>
      <subfield code="d">BDX</subfield>
    </datafield>
    <datafield ind1=" " ind2=" " tag="020">
      <subfield code="a">0684866005</subfield>
    </datafield>
    <datafield ind1=" " ind2=" " tag="020">
      <subfield code="a">9780684866000</subfield>
    </datafield>
    <datafield ind1="1" ind2=" " tag="029">
      <subfield code="a">NLGGC</subfield>
      <subfield code="b">240161270</subfield>
    </datafield>
    <datafield ind1="1" ind2=" " tag="029">
      <subfield code="a">YDXCP</subfield>
      <subfield code="b">1680021</subfield>
    </datafield>
    <datafield ind1="1" ind2=" " tag="029">
      <subfield code="a">NZ1</subfield>
      <subfield code="b">6748781</subfield>
    </datafield>
    <datafield ind1="1" ind2=" " tag="029">
      <subfield code="a">UNITY</subfield>
      <subfield code="b">047321962</subfield>
    </datafield>
    <datafield ind1="1" ind2=" " tag="029">
      <subfield code="a">UKLBE</subfield>
      <subfield code="b">0684866005</subfield>
    </datafield>
    <datafield ind1="1" ind2=" " tag="029">
      <subfield code="a">UKWIG</subfield>
      <subfield code="b">0684866005</subfield>
    </datafield>
    <datafield ind1="0" ind2="0" tag="050">
      <subfield code="a">HF5823</subfield>
      <subfield code="b">.K363</subfield>
    </datafield>
    <datafield ind1="0" ind2="4" tag="082">
      <subfield code="a">658.8/34</subfield>
      <subfield code="2">21</subfield>
    </datafield>
    <datafield ind1=" " ind2=" " tag="084">
      <subfield code="a">05.31</subfield>
      <subfield code="2">bcl</subfield>
    </datafield>
    <datafield ind1="1" ind2=" " tag="100">
      <subfield code="a">Kilbourne, Jean.</subfield>
    </datafield>
    <datafield ind1="1" ind2="0" tag="240">
      <subfield code="a">Deadly persuasion</subfield>
    </datafield>
    <datafield ind1="1" ind2="0" tag="245">
      <subfield code="a">Can't buy my love :</subfield>
      <subfield code="b">how advertising changes the way we think and feel /</subfield>
      <subfield code="c">Jean Kilbourne.</subfield>
    </datafield>
    <datafield ind1=" " ind2=" " tag="250">
      <subfield code="a">1st Touchstone ed.</subfield>
    </datafield>
    <datafield ind1=" " ind2=" " tag="260">
      <subfield code="a">New York :</subfield>
      <subfield code="b">Simon &amp; Schuster,</subfield>
      <subfield code="c">2000, c1999.</subfield>
    </datafield>
    <datafield ind1=" " ind2=" " tag="300">
      <subfield code="a">366 p. :</subfield>
      <subfield code="b">ill. ;</subfield>
      <subfield code="c">24 cm.</subfield>
    </datafield>
    <datafield ind1=" " ind2=" " tag="500">
      <subfield code="a">"A Touchstone book."</subfield>
    </datafield>
    <datafield ind1=" " ind2=" " tag="500">
      <subfield code="a">Previously published as: Deadly persuasion.</subfield>
    </datafield>
    <datafield ind1=" " ind2=" " tag="504">
      <subfield code="a">Includes bibliographical references (p. 333-349) and index.</subfield>
    </datafield>
    <datafield ind1="0" ind2=" " tag="505">
      <subfield code="a">Introduction : "A girl of many parts" : the making of an activist -- "Buy this 24-year-old and get all his friends absolutely free" : we are the product -- "In your face--all over the place!" : advertising is our environment -- "Bath tissue is like marriage" : the corruption of relationships -- "Can an engine pump the valves in your heart?" : crazy for cars -- "Please, please, you're driving me wild" : falling in love with food -- "The more you subtract, the more you add" : cutting girls down to size --"Forget the rules! enjoy the wine" : alcohol and rebellion -- "What you're looking for" : rage and rebellion in cigarette advertising -- "The dream begins as soon as you open the door" : advertising an addictive mind-set -- "In life there are many loves, but only one grande passion" : addiction as a relationship -- "You talkin' to me?" : advertising and disconnection -- "Two ways a woman can get hurt" : advertising and violence -- "Relax, and enjoy the revolution" : redefining rebellion.</subfield>
    </datafield>
    <datafield ind1=" " ind2=" " tag="520">
      <subfield code="a">Discusses the advertising establishment, revealing what advertisers know about human nature and how they exploit it to make a profit.</subfield>
    </datafield>
    <datafield ind1=" " ind2="0" tag="650">
      <subfield code="a">Women in advertising.</subfield>
    </datafield>
    <datafield ind1=" " ind2="0" tag="650">
      <subfield code="a">Women consumers.</subfield>
    </datafield>
    <datafield ind1=" " ind2="6" tag="650">
      <subfield code="a">Femmes dans la publicite´.</subfield>
    </datafield>
    <datafield ind1=" " ind2="6" tag="650">
      <subfield code="a">Consommatrices.</subfield>
    </datafield>
    <datafield ind1=" " ind2="6" tag="650">
      <subfield code="a">Publicite´.</subfield>
    </datafield>
    <datafield ind1="1" ind2="7" tag="650">
      <subfield code="a">Reclame.</subfield>
      <subfield code="2">gtt</subfield>
    </datafield>
    <datafield ind1="1" ind2="7" tag="650">
      <subfield code="a">Vrouwen.</subfield>
      <subfield code="2">gtt</subfield>
    </datafield>
    <datafield ind1="1" ind2="7" tag="650">
      <subfield code="a">Psychologische aspecten.</subfield>
      <subfield code="2">gtt</subfield>
    </datafield>
    <datafield ind1="0" ind2="8" tag="776">
      <subfield code="i">Online version:</subfield>
      <subfield code="a">Kilbourne, Jean.</subfield>
      <subfield code="s">Deadly persuasion.</subfield>
      <subfield code="t">Can't buy my love.</subfield>
      <subfield code="b">1st Touchstone ed.</subfield>
      <subfield code="d">New York : Simon &amp; Schuster, 2000, c1999</subfield>
      <subfield code="w">(OCoLC)654837133</subfield>
    </datafield>
    <datafield ind1=" " ind2=" " tag="938">
      <subfield code="a">Baker and Taylor</subfield>
      <subfield code="b">BTCP</subfield>
      <subfield code="n">bl 00014965</subfield>
    </datafield>
    <datafield ind1=" " ind2=" " tag="938">
      <subfield code="a">YBP Library Services</subfield>
      <subfield code="b">YANK</subfield>
      <subfield code="n">1680021</subfield>
    </datafield>
    <datafield ind1=" " ind2=" " tag="938">
      <subfield code="a">Baker &amp; Taylor</subfield>
      <subfield code="b">BKTY</subfield>
      <subfield code="c">16.00</subfield>
      <subfield code="d">12.00</subfield>
      <subfield code="i">0684866005</subfield>
      <subfield code="n">0003496582</subfield>
      <subfield code="s">active</subfield>
    </datafield>
    <datafield ind1=" " ind2=" " tag="938">
      <subfield code="a">Brodart</subfield>
      <subfield code="b">BROD</subfield>
      <subfield code="n">55507085</subfield>
      <subfield code="c">$17.00</subfield>
    </datafield>
  </record>
</recordData>
</record>