
<record>
<recordSchema>info:srw/schema/1/marcxml</recordSchema>
<recordPacking>xml</recordPacking>
<recordData>
<record xmlns="http://www.loc.gov/MARC21/slim">
    <leader>00000cam a2200000 a 4500</leader>
    <controlfield tag="001">32894225</controlfield>
    <controlfield tag="008">950714s1995    vauaf         000 0ceng  </controlfield>
    <datafield ind1=" " ind2=" " tag="010">
      <subfield code="a">   95035382 </subfield>
    </datafield>
    <datafield ind1=" " ind2=" " tag="040">
      <subfield code="a">DLC</subfield>
      <subfield code="c">DLC</subfield>
      <subfield code="d">OCL</subfield>
      <subfield code="d">BTCTA</subfield>
      <subfield code="d">YDXCP</subfield>
      <subfield code="d">HALAN</subfield>
    </datafield>
    <datafield ind1=" " ind2=" " tag="020">
      <subfield code="a">0964712407 (paperback)</subfield>
    </datafield>
    <datafield ind1=" " ind2=" " tag="020">
      <subfield code="a">9780964712409 (paperback)</subfield>
    </datafield>
    <datafield ind1=" " ind2=" " tag="043">
      <subfield code="a">e-pl---</subfield>
    </datafield>
    <datafield ind1="0" ind2="0" tag="050">
      <subfield code="a">DS135.P62</subfield>
      <subfield code="b">H74 1995</subfield>
    </datafield>
    <datafield ind1="0" ind2="0" tag="082">
      <subfield code="a">940.53/18/094384</subfield>
      <subfield code="2">20</subfield>
    </datafield>
    <datafield ind1="1" ind2=" " tag="100">
      <subfield code="a">Korenblit, Michael.</subfield>
    </datafield>
    <datafield ind1="1" ind2="0" tag="245">
      <subfield code="a">Until we meet again :</subfield>
      <subfield code="b">a true story of love and survival in the Holocaust /</subfield>
      <subfield code="c">Michael Korenblit and Kathleen Janger.</subfield>
    </datafield>
    <datafield ind1=" " ind2=" " tag="260">
      <subfield code="a">Alexandria, Va. :</subfield>
      <subfield code="b">Charles River Press,</subfield>
      <subfield code="c">c1995.</subfield>
    </datafield>
    <datafield ind1=" " ind2=" " tag="300">
      <subfield code="a">xvi, 310 p., [8] p. of plates :</subfield>
      <subfield code="b">ill. ;</subfield>
      <subfield code="c">21 cm.</subfield>
    </datafield>
    <datafield ind1=" " ind2=" " tag="500">
      <subfield code="a">Originally published: Until we meet again : a true story of love and war, separation and reunion. G.P. Putnam's Sons, 1983.</subfield>
    </datafield>
    <datafield ind1=" " ind2=" " tag="500">
      <subfield code="a">Includes index.</subfield>
    </datafield>
    <datafield ind1="0" ind2="0" tag="505">
      <subfield code="g">1.</subfield>
      <subfield code="t">Decisions and departures</subfield>
      <subfield code="g">1 --</subfield>
      <subfield code="g">2.</subfield>
      <subfield code="t">The hiding place</subfield>
      <subfield code="g">23 --</subfield>
      <subfield code="g">3.</subfield>
      <subfield code="t">The circle tightens</subfield>
      <subfield code="g">45 --</subfield>
      <subfield code="g">4.</subfield>
      <subfield code="t">Friendship and its limits</subfield>
      <subfield code="g">61 --</subfield>
      <subfield code="g">5.</subfield>
      <subfield code="t">"The neighborhood"</subfield>
      <subfield code="g">81 --</subfield>
      <subfield code="g">6.</subfield>
      <subfield code="t">Best-laid plans</subfield>
      <subfield code="g">99 --</subfield>
      <subfield code="g">7.</subfield>
      <subfield code="t">Separation</subfield>
      <subfield code="g">115 --</subfield>
      <subfield code="g">8.</subfield>
      <subfield code="t">Caprice and choice</subfield>
      <subfield code="g">139 --</subfield>
      <subfield code="g">9.</subfield>
      <subfield code="t">Loss</subfield>
      <subfield code="g">161 --</subfield>
      <subfield code="g">10.</subfield>
      <subfield code="t">Deportation and a promise</subfield>
      <subfield code="g">187 --</subfield>
      <subfield code="g">11.</subfield>
      <subfield code="t">Konzentrationslager (KL)</subfield>
      <subfield code="g">211 --</subfield>
      <subfield code="g">12.</subfield>
      <subfield code="t">Crucial moments</subfield>
      <subfield code="g">231 --</subfield>
      <subfield code="g">13.</subfield>
      <subfield code="t">"The power to refuse our consent"</subfield>
      <subfield code="g">255 --</subfield>
      <subfield code="g">14.</subfield>
      <subfield code="t">Liberation</subfield>
      <subfield code="g">275 --</subfield>
      <subfield code="g">15.</subfield>
      <subfield code="t">Reunion</subfield>
      <subfield code="g">287.</subfield>
    </datafield>
    <datafield ind1=" " ind2="0" tag="650">
      <subfield code="a">Holocaust, Jewish (1939-1945)</subfield>
      <subfield code="z">Poland</subfield>
      <subfield code="z">Hrubieszo´w</subfield>
      <subfield code="v">Biography.</subfield>
    </datafield>
    <datafield ind1=" " ind2="0" tag="650">
      <subfield code="a">Jews</subfield>
      <subfield code="x">Persecutions</subfield>
      <subfield code="z">Poland</subfield>
      <subfield code="z">Hrubieszo´w.</subfield>
    </datafield>
    <datafield ind1="1" ind2="0" tag="600">
      <subfield code="a">Korenblit, Meyer.</subfield>
    </datafield>
    <datafield ind1="1" ind2="0" tag="600">
      <subfield code="a">Korenblit, Manya.</subfield>
    </datafield>
    <datafield ind1="1" ind2="0" tag="600">
      <subfield code="a">Nagelsztajn, Chaim.</subfield>
    </datafield>
    <datafield ind1=" " ind2="0" tag="650">
      <subfield code="a">Hrubieszo´w (Poland)</subfield>
      <subfield code="x">Ethnic relations.</subfield>
    </datafield>
    <datafield ind1="1" ind2=" " tag="700">
      <subfield code="a">Janger, Kathleen.</subfield>
    </datafield>
    <datafield ind1="1" ind2=" " tag="700">
      <subfield code="a">Korenblit, Michael.</subfield>
      <subfield code="t">Until we meet again : a true story of love and war, separation and reunion.</subfield>
    </datafield>
    <datafield ind1=" " ind2=" " tag="938">
      <subfield code="a">Baker and Taylor</subfield>
      <subfield code="b">BTCP</subfield>
      <subfield code="n">95035382</subfield>
    </datafield>
    <datafield ind1=" " ind2=" " tag="938">
      <subfield code="a">YBP Library Services</subfield>
      <subfield code="b">YANK</subfield>
      <subfield code="n">1157324</subfield>
    </datafield>
  </record>
</recordData>
</record>