
<record>
<recordSchema>info:srw/schema/1/marcxml</recordSchema>
<recordPacking>xml</recordPacking>
<recordData>
<record xmlns="http://www.loc.gov/MARC21/slim">
    <leader>00000cam a2200000Ia 4500</leader>
    <controlfield tag="001">226964509</controlfield>
    <controlfield tag="008">080502s2008    cou      b    000 0 eng d</controlfield>
    <datafield ind1=" " ind2=" " tag="010">
      <subfield code="a">  2008922739</subfield>
    </datafield>
    <datafield ind1=" " ind2=" " tag="040">
      <subfield code="a">JPL</subfield>
      <subfield code="c">JPL</subfield>
      <subfield code="d">JPL</subfield>
      <subfield code="d">BAKER</subfield>
      <subfield code="d">BTCTA</subfield>
      <subfield code="d">OCLCQ</subfield>
      <subfield code="d">VLB</subfield>
      <subfield code="d">ABG</subfield>
      <subfield code="d">CQU</subfield>
      <subfield code="d">VP@</subfield>
      <subfield code="d">ORX</subfield>
      <subfield code="d">SGB</subfield>
      <subfield code="d">CO3</subfield>
      <subfield code="d">JP3</subfield>
      <subfield code="d">CVN</subfield>
      <subfield code="d">YDXCP</subfield>
      <subfield code="d">LMR</subfield>
    </datafield>
    <datafield ind1=" " ind2=" " tag="019">
      <subfield code="a">430835889</subfield>
    </datafield>
    <datafield ind1=" " ind2=" " tag="020">
      <subfield code="a">9781434768513 :</subfield>
      <subfield code="c">$13.99</subfield>
    </datafield>
    <datafield ind1=" " ind2=" " tag="020">
      <subfield code="a">1434768511</subfield>
    </datafield>
    <datafield ind1="0" ind2="0" tag="050">
      <subfield code="a">BV4501.3</subfield>
      <subfield code="b">.C434 2008</subfield>
    </datafield>
    <datafield ind1="0" ind2="4" tag="082">
      <subfield code="a">248.4</subfield>
      <subfield code="2">22</subfield>
    </datafield>
    <datafield ind1="1" ind2=" " tag="100">
      <subfield code="a">Chan, Francis,</subfield>
      <subfield code="d">1967-</subfield>
    </datafield>
    <datafield ind1="1" ind2="0" tag="245">
      <subfield code="a">Crazy love :</subfield>
      <subfield code="b">overwhelmed by a relentless God /</subfield>
      <subfield code="c">Francis Chan ; with Danae Yankoski.</subfield>
    </datafield>
    <datafield ind1=" " ind2=" " tag="250">
      <subfield code="a">1st ed.</subfield>
    </datafield>
    <datafield ind1=" " ind2=" " tag="260">
      <subfield code="a">Colorado Springs, Colo. :</subfield>
      <subfield code="b">David C. Cook,</subfield>
      <subfield code="c">2008.</subfield>
    </datafield>
    <datafield ind1=" " ind2=" " tag="300">
      <subfield code="a">205 p. ;</subfield>
      <subfield code="c">21 cm.</subfield>
    </datafield>
    <datafield ind1=" " ind2=" " tag="504">
      <subfield code="a">Includes bibliographical references (p. 177-178).</subfield>
    </datafield>
    <datafield ind1="0" ind2=" " tag="505">
      <subfield code="a">Stop praying -- You might not finish this chapter -- Crazy love -- Profile of the lukewarm -- Serving leftovers to a holy God -- When you're in love -- Your best life-- later -- Profile of the obsessed -- Who really lives that way? -- The crux of the matter -- A conversation with Francis Chan.</subfield>
    </datafield>
    <datafield ind1=" " ind2=" " tag="520">
      <subfield code="a">Explains how many practicing Christians lead lives concerned with security and material comfort, and advocates for a Christianity that is based on radical obedience to the words of scripture and a commitment to help others who are in need.</subfield>
    </datafield>
    <datafield ind1=" " ind2="0" tag="650">
      <subfield code="a">Christian life.</subfield>
    </datafield>
    <datafield ind1="1" ind2=" " tag="700">
      <subfield code="a">Yankoski, Danae.</subfield>
    </datafield>
    <datafield ind1=" " ind2=" " tag="938">
      <subfield code="a">Baker &amp; Taylor</subfield>
      <subfield code="b">BKTY</subfield>
      <subfield code="c">13.99</subfield>
      <subfield code="d">10.49</subfield>
      <subfield code="i">1434768511</subfield>
      <subfield code="n">0007577335</subfield>
      <subfield code="s">active</subfield>
    </datafield>
    <datafield ind1=" " ind2=" " tag="938">
      <subfield code="a">Baker and Taylor</subfield>
      <subfield code="b">BTCP</subfield>
      <subfield code="n">BK0007577335</subfield>
    </datafield>
    <datafield ind1=" " ind2=" " tag="938">
      <subfield code="a">YBP Library Services</subfield>
      <subfield code="b">YANK</subfield>
      <subfield code="n">3434941</subfield>
    </datafield>
    <datafield ind1="1" ind2=" " tag="029">
      <subfield code="a">NZ1</subfield>
      <subfield code="b">12913909</subfield>
    </datafield>
    <datafield ind1="1" ind2=" " tag="029">
      <subfield code="a">AU@</subfield>
      <subfield code="b">000045654695</subfield>
    </datafield>
  </record>
</recordData>
</record>