
<record>
<recordSchema>info:srw/schema/1/marcxml</recordSchema>
<recordPacking>xml</recordPacking>
<recordData>
<record xmlns="http://www.loc.gov/MARC21/slim">
    <leader>00000cam a2200000Ma 4500</leader>
    <controlfield tag="001">43806221</controlfield>
    <controlfield tag="008">000329s2000    enka   j      000 0 eng d</controlfield>
    <controlfield tag="009">6127</controlfield>
    <datafield ind1=" " ind2=" " tag="040">
      <subfield code="a">EQO</subfield>
      <subfield code="c">EQO</subfield>
      <subfield code="d">UKM</subfield>
      <subfield code="d">OCL</subfield>
      <subfield code="d">BAKER</subfield>
      <subfield code="d">VP@</subfield>
      <subfield code="d">OCLCQ</subfield>
      <subfield code="d">YDXCP</subfield>
    </datafield>
    <datafield ind1=" " ind2=" " tag="015">
      <subfield code="a">GBA0-30873</subfield>
    </datafield>
    <datafield ind1=" " ind2=" " tag="019">
      <subfield code="a">59567933</subfield>
    </datafield>
    <datafield ind1=" " ind2=" " tag="020">
      <subfield code="a">0194229785</subfield>
    </datafield>
    <datafield ind1=" " ind2=" " tag="020">
      <subfield code="a">9780194229784</subfield>
    </datafield>
    <datafield ind1="1" ind2=" " tag="029">
      <subfield code="a">NZ1</subfield>
      <subfield code="b">5592019</subfield>
    </datafield>
    <datafield ind1="1" ind2=" " tag="029">
      <subfield code="a">AU@</subfield>
      <subfield code="b">000021472719</subfield>
    </datafield>
    <datafield ind1="1" ind2=" " tag="029">
      <subfield code="a">UNITY</subfield>
      <subfield code="b">046873627</subfield>
    </datafield>
    <datafield ind1="1" ind2=" " tag="029">
      <subfield code="a">EUSCL</subfield>
      <subfield code="b">0194229785</subfield>
    </datafield>
    <datafield ind1="1" ind2=" " tag="029">
      <subfield code="a">UKHCC</subfield>
      <subfield code="b">0194229785</subfield>
    </datafield>
    <datafield ind1="1" ind2=" " tag="029">
      <subfield code="a">UKESR</subfield>
      <subfield code="b">0194229785</subfield>
    </datafield>
    <datafield ind1="1" ind2=" " tag="029">
      <subfield code="a">LBHIL</subfield>
      <subfield code="b">0194229785</subfield>
    </datafield>
    <datafield ind1="1" ind2=" " tag="029">
      <subfield code="a">UKISL</subfield>
      <subfield code="b">0194229785</subfield>
    </datafield>
    <datafield ind1="1" ind2=" " tag="029">
      <subfield code="a">UKLBL</subfield>
      <subfield code="b">0194229785</subfield>
    </datafield>
    <datafield ind1="1" ind2=" " tag="029">
      <subfield code="a">REABC</subfield>
      <subfield code="b">0194229785</subfield>
    </datafield>
    <datafield ind1="1" ind2=" " tag="029">
      <subfield code="a">UKBHC</subfield>
      <subfield code="b">0194229785</subfield>
    </datafield>
    <datafield ind1="1" ind2=" " tag="029">
      <subfield code="a">UKTDV</subfield>
      <subfield code="b">0194229785</subfield>
    </datafield>
    <datafield ind1="1" ind2=" " tag="029">
      <subfield code="a">GLOCC</subfield>
      <subfield code="b">0194229785</subfield>
    </datafield>
    <datafield ind1="1" ind2=" " tag="029">
      <subfield code="a">UKHCL</subfield>
      <subfield code="b">0194229785</subfield>
    </datafield>
    <datafield ind1="1" ind2=" " tag="029">
      <subfield code="a">UKCST</subfield>
      <subfield code="b">0194229785</subfield>
    </datafield>
    <datafield ind1="1" ind2=" " tag="029">
      <subfield code="a">UKBLS</subfield>
      <subfield code="b">0194229785</subfield>
    </datafield>
    <datafield ind1=" " ind2="4" tag="050">
      <subfield code="a">PZ2.31.W56</subfield>
      <subfield code="b">D35 2000</subfield>
    </datafield>
    <datafield ind1="0" ind2="4" tag="082">
      <subfield code="a">428.6</subfield>
      <subfield code="2">20</subfield>
    </datafield>
    <datafield ind1="1" ind2=" " tag="100">
      <subfield code="a">Dainty, Peter.</subfield>
    </datafield>
    <datafield ind1="1" ind2="4" tag="245">
      <subfield code="a">The love of a king /</subfield>
      <subfield code="c">Peter Dainty.</subfield>
    </datafield>
    <datafield ind1=" " ind2=" " tag="250">
      <subfield code="a">2nd ed.</subfield>
    </datafield>
    <datafield ind1=" " ind2=" " tag="260">
      <subfield code="a">Oxford :</subfield>
      <subfield code="b">Oxford University Press,</subfield>
      <subfield code="c">2000.</subfield>
    </datafield>
    <datafield ind1=" " ind2=" " tag="300">
      <subfield code="a">56 p. :</subfield>
      <subfield code="b">ill. ;</subfield>
      <subfield code="c">20 cm.</subfield>
    </datafield>
    <datafield ind1="1" ind2=" " tag="490">
      <subfield code="a">Oxford bookworms library. Stage 2, True stories</subfield>
    </datafield>
    <datafield ind1="1" ind2="0" tag="600">
      <subfield code="a">Windsor, Edward,</subfield>
      <subfield code="c">Duke of,</subfield>
      <subfield code="d">1894-1972.</subfield>
    </datafield>
    <datafield ind1=" " ind2="0" tag="650">
      <subfield code="a">Readers.</subfield>
    </datafield>
    <datafield ind1="1" ind2="0" tag="600">
      <subfield code="a">Windsor, Edward,</subfield>
      <subfield code="c">Duke of,</subfield>
      <subfield code="d">1894-1972</subfield>
      <subfield code="v">Juvenile literature.</subfield>
    </datafield>
    <datafield ind1="1" ind2="4" tag="600">
      <subfield code="a">Windsor, Wallis Warfield,</subfield>
      <subfield code="c">Duchess of,</subfield>
      <subfield code="d">1896-1986.</subfield>
      <subfield code="v">Juvenile literature.</subfield>
    </datafield>
    <datafield ind1=" " ind2="0" tag="830">
      <subfield code="a">Oxford bookworms library.</subfield>
      <subfield code="n">Stage 2,</subfield>
      <subfield code="p">True stories.</subfield>
    </datafield>
    <datafield ind1=" " ind2=" " tag="938">
      <subfield code="a">YBP Library Services</subfield>
      <subfield code="b">YANK</subfield>
      <subfield code="n">100383899</subfield>
    </datafield>
    <datafield ind1=" " ind2=" " tag="938">
      <subfield code="a">Baker &amp; Taylor</subfield>
      <subfield code="b">BKTY</subfield>
      <subfield code="c">6.50</subfield>
      <subfield code="d">6.50</subfield>
      <subfield code="i">0194229785</subfield>
      <subfield code="n">0006105675</subfield>
      <subfield code="s">active</subfield>
    </datafield>
  </record>
</recordData>
</record>
</records>
<nextRecordPosition>11</nextRecordPosition>
<resultSetIdleTime>300</resultSetIdleTime>
<echoedSearchRetrieveRequest xmlns:srw="http://www.loc.gov/zing/srw/">
<version>1.1</version>
<query>srw.kw any "love"</query>
<maximumRecords>10</maximumRecords>
<recordSchema>info:srw/schema/1/marcxml</recordSchema>
<recordPacking>xml</recordPacking>
<startRecord>1</startRecord>
<sortKeys>relevance</sortKeys>
<wskey>2qjfMpiF9wZqTS3PR4BhvTRWmpz3K4P0W0d47tRfdgDVbfpOwQi99oSWVmSS88sfh4N3PQMO10GkXVSf</wskey>
<servicelevel>full</servicelevel>
</echoedSearchRetrieveRequest>
</searchRetrieveResponse>
